@techreport{welch:1995,
	author 		= 	{Welch, Greg and Bishop, Gary},
	title 		= 	{An Introduction to the Kalman Filter},
	year 		= 	{1995},
	source 		= 	{\url{http://www.ncstrl.org:8900/ncstrl/servlet/search?formname=detail\&id=oai%3Ancstrlh%3Auncch_cs%3AUNCCH_CS%2F%2FTR95-041}},
	publisher 	= 	{University of North Carolina at Chapel Hill},
	address 	= 	{Chapel Hill, NC, USA}
}

@book{leick:2004,
	author 		= 	{Leick,Alfred},
	year		=	{2004},
	title		=	{GPS Satellite Serveying},
	publisher	=	{John Wiley \& Sons, Hoboken, NJ}
}

@misc{polecats:2016,
	author 		= 	{PoleCats},
	title 		= 	{Coordinate Systems},
	year 		= 	{2016},
	url 		= 	{\url{https://rexuscats.wikispaces.com/Coordinate+Systems}},
	note 		= 	{[Online; accessed 20-April-2016]}
}

@Inbook{Ashby:2004,
	author="Ashby, Neil",
	editor="Rizzi, Guido
	and Ruggiero, Matteo Luca",
	chapter="The Sagnac Effect in the Global Positioning System",
	title="Relativity in Rotating Frames: Relativistic Physics in Rotating Reference Frames",
	year="2004",
	publisher="Springer Netherlands",
	address="Dordrecht",
	pages="11--28",
	isbn="978-94-017-0528-8",
	doi="10.1007/978-94-017-0528-8_3",
	url="http://dx.doi.org/10.1007/978-94-017-0528-8_3"
}